<record><leader>00000cas a22000007a 4500</leader><controlfield tag="001">19693936</controlfield><controlfield tag="008">890511c19299999mouwr ne      0    0eng d</controlfield><datafield ind1=" " ind2=" " tag="010"><subfield code="a">sn 89066513 </subfield></datafield><datafield ind1=" " ind2=" " tag="040"><subfield code="a">MQN</subfield><subfield code="b">eng</subfield><subfield code="c">MQN</subfield><subfield code="d">OCLCQ</subfield></datafield><datafield ind1=" " ind2=" " tag="042"><subfield code="a">msc</subfield></datafield><datafield ind1="0" ind2=" " tag="130"><subfield code="a">Cabool enterprise (Cabool, Mo. : 1929)</subfield></datafield><datafield ind1="1" ind2="4" tag="245"><subfield code="a">The Cabool enterprise.</subfield></datafield><datafield ind1=" " ind2=" " tag="260"><subfield code="a">Cabool, Mo. :</subfield><subfield code="b">J.A. White</subfield></datafield><datafield ind1=" " ind2=" " tag="300"><subfield code="a">v.</subfield></datafield><datafield ind1=" " ind2=" " tag="310"><subfield code="a">Weekly</subfield></datafield><datafield ind1="0" ind2=" " tag="362"><subfield code="a">Vol. 19, no. 1 (Jan. 3, 1929)-</subfield></datafield><datafield ind1=" " ind2=" " tag="515"><subfield code="a">Numbering changed from v. 22, no. 52 (Dec. 29, 1932) to v. 43, no. 1 (Jan. 5, 1933).</subfield></datafield><datafield ind1=" " ind2=" " tag="580"><subfield code="a">Includes supplement (or section?): South Central Ozark farmer, Sept. 19, 1974-Aug. 14, 1975.</subfield></datafield><datafield ind1=" " ind2="4" tag="651"><subfield code="a">Cabool (Mo.)</subfield><subfield code="v">Newspapers.</subfield></datafield><datafield ind1=" " ind2=" " tag="752"><subfield code="a">United States</subfield><subfield code="b">Missouri</subfield><subfield code="c">Texas</subfield><subfield code="d">Cabool.</subfield></datafield><datafield ind1="0" ind2="0" tag="780"><subfield code="t">Cabool enterprise-press</subfield><subfield code="w">(DLC)sn 86063290</subfield></datafield></record>